@article{c_llvm_lattner,
    author = {Chris Lattner and Vikram Adve},
    title = {LLVM: A compilation framework for lifelong program analysis \& transformation },
    year = {2004}
}

@misc{c_ply_beazley, 
    title={PLY (Python Lex-Yacc)},
    url={http://www.dabeaz.com/ply/},
    author={Beazley, David}
    note = "[Online; accessed 6-June-2021]"
}

@misc{c_ply_docs_beazley, 
    title={PLY (Python Lex-Yacc) documentation},
    url={https://ply.readthedocs.io/en/latest/index.html},
    author={Beazley, David}
    note = "[Online; accessed 6-June-2021]"
}

@misc{c_py_duck_typing, 
    title={Python3 documentation},
    url={https://docs.python.org/3/glossary.html#term-duck-typing},
    author={Fred L. Drake Jr., others}
    note = "[Online; accessed 6-June-2021]"
}

@misc{c_parsing_def,
    author = "{Dictionary.com authors}",
    title = "Parsing - definition",
    url = "https://www.dictionary.com/browse/parse",
    note = "[Online; accessed 6-June-2021]"
}

@book{c_compilers_book,
    author = {Aho, Alfred and Lam, Monica and Sethi, Ravi and Ullman, Jeffrey},
    year = {2007},
    month = {01},
    title = {Compilers Principles, Techniques, \& Tools}
}

@misc{c_zen, 
    title={The Zen of Python},
    url={https://www.python.org/dev/peps/pep-0020/},
    author={Tim Peters},
    year = {2004},
    month = {08}
    note = "[Online; accessed 6-June-2021]"
}

@book{c_type_system,
    author = {Benjamin C. Pierce},    
    year = {2002},
    month = {01},
    title = {Types and Programming Languages},
}

@book{c_enable_if,
    author = {Bjarne Stroustrup},    
    year = {2013},
    month = {05},
    pages = {795--802},
    title = {The C++ Programming Language, 4th Edition}
}

@article{ c_strong_typing,
    author = {Barbara Liskov, Stephen Zilles},
    title = {Programming with Abstract Data Types},
    year = {1974},
    pages = {56--57}
}

@book{c_cpp_lifetime,
    author = {Bjarne Stroustrup},    
    year = {2013},
    month = {05},
    pages = {481--526},
    title = {The C++ Programming Language, 4th Edition}
}

@book{c_auto,
    author = {Bjarne Stroustrup},    
    year = {2013},
    month = {05},
    pages = {163--164},
    title = {The C++ Programming Language, 4th Edition}
}

@book{c_virtual,
    author = {Bjarne Stroustrup},    
    year = {2013},
    month = {05},
    pages = {585--588},
    title = {The C++ Programming Language, 4th Edition}
}
